@ONLINE {gordonhenderson2018,
    author = "Gordon Henderson",
    title  = "WiringPi",
    month  = "apr",
    year   = "2018",
    url    = "http://wiringpi.com/"
}
@ONLINE {sunfounder2018,
    author = "Sunfounder",
    title  = "Sunfounder SensorKit for RPi2",
    month  = "apr",
    year   = "2018",
    url    = "https://github.com/sunfounder/SunFounder_SensorKit_for_RPi2"
}
@ONLINE {raspberrypigpio2018,
    author = "Raspberry Pi Foundation",
    title  = "GPIO - Raspberry Pi Documentation",
    month  = "apr",
    year   = "2018",
    url    = "https://www.raspberrypi.org/documentation/usage/gpio/README.md"
}
@ONLINE {xenomai2018,
    author = "Xenomai",
    title  = "Xenomai Task Management Services",
    month  = "apr",
    year   = "2018",
    url    = "https://xenomai.org/documentation/xenomai-3/html/xeno3prm/group__alchemy__task.html"
}
@ONLINE {artofcircuits2018,
    author = "ArtOfCircuits",
    title  = "Encoder Module KY-040",
    month  = "apr",
    year   = "2018",
    url    = "http://artofcircuits.com/product/encoder-module-ky-040"
}
@ONLINE {raspberrypifoundation2018,
    author = "Raspberry Pi Foundation",
    title  = "Raspbery Pi 3 Specifications",
    month  = "apr",
    year   = "2018",
    url    = "https://www.raspberrypi.org/products/raspberry-pi-3-model-b/"
}
